<record><leader>00000cas a2200000 a 4500</leader><controlfield tag="001">33064190</controlfield><controlfield tag="007">hd bfu---baat</controlfield><controlfield tag="007">hd afu---bact</controlfield><controlfield tag="008">950830d19031953nbuwr nea     0    0eng d</controlfield><datafield ind1=" " ind2=" " tag="010"><subfield code="a">sn 95070395 </subfield></datafield><datafield ind1=" " ind2=" " tag="040"><subfield code="a">NVG</subfield><subfield code="b">eng</subfield><subfield code="c">NVG</subfield><subfield code="d">OCL</subfield><subfield code="d">OCLCQ</subfield><subfield code="d">OCLCF</subfield><subfield code="d">OCLCO</subfield></datafield><datafield ind1="1" ind2=" " tag="029"><subfield code="a">AU@</subfield><subfield code="b">000011994319</subfield></datafield><datafield ind1=" " ind2=" " tag="042"><subfield code="a">msc</subfield></datafield><datafield ind1=" " ind2=" " tag="043"><subfield code="a">n-us-nb</subfield></datafield><datafield ind1="0" ind2=" " tag="130"><subfield code="a">Central City nonpareil (Central City, Neb. : 1903)</subfield></datafield><datafield ind1="1" ind2="0" tag="245"><subfield code="a">Central City nonpareil</subfield><subfield code="h">[microform].</subfield></datafield><datafield ind1=" " ind2=" " tag="260"><subfield code="a">Central City, Merrick County, Neb. :</subfield><subfield code="b">H.G. Taylor,</subfield><subfield code="c">1903-1953.</subfield></datafield><datafield ind1=" " ind2=" " tag="300"><subfield code="a">50 v.</subfield></datafield><datafield ind1=" " ind2=" " tag="310"><subfield code="a">Weekly</subfield></datafield><datafield ind1="0" ind2=" " tag="362"><subfield code="a">Vol. 22, no. 2 (Jan. 8, 1903)-v. 71, no. 10 (Jan. 29, 1953).</subfield></datafield><datafield ind1=" " ind2=" " tag="580"><subfield code="a">Merged with: Central City Republican (Central City, Neb.), to form: Central City Republican-nonpareil.</subfield></datafield><datafield ind1=" " ind2=" " tag="533"><subfield code="a">Microfilm.</subfield><subfield code="m">1903-1953:[Gaps]</subfield><subfield code="b">Lincoln, Neb. :</subfield><subfield code="c">Nebraska State Historical Society.</subfield><subfield code="e">33 microfilm reels ; 35 mm.</subfield></datafield><datafield ind1=" " ind2="0" tag="651"><subfield code="a">Merrick County (Neb.)</subfield><subfield code="v">Newspapers.</subfield></datafield><datafield ind1=" " ind2="7" tag="655"><subfield code="a">Newspapers.</subfield><subfield code="2">fast</subfield><subfield code="0">(OCoLC)fst01423814</subfield></datafield><datafield ind1=" " ind2="7" tag="651"><subfield code="a">Nebraska</subfield><subfield code="z">Merrick County.</subfield><subfield code="2">fast</subfield><subfield code="0">(OCoLC)fst01206421</subfield></datafield><datafield ind1=" " ind2=" " tag="752"><subfield code="a">United States</subfield><subfield code="b">Nebraska</subfield><subfield code="c">Merrick</subfield><subfield code="d">Central City.</subfield></datafield><datafield ind1="0" ind2="0" tag="780"><subfield code="t">Nonpareil (Central City, Neb.)</subfield><subfield code="w">(DLC)sn 95070394</subfield></datafield><datafield ind1="0" ind2="5" tag="780"><subfield code="t">Clarks enterprise</subfield><subfield code="w">(DLC)sn 95070489</subfield></datafield><datafield ind1="1" ind2="7" tag="785"><subfield code="t">Central City Republican (Central City, Neb.)</subfield><subfield code="w">(DLC)sn 95070392</subfield></datafield><datafield ind1="1" ind2="7" tag="785"><subfield code="t">Central City Republican-nonpareil</subfield><subfield code="w">(DLC)sn 95070396</subfield></datafield></record>